<?xml version="1.0" encoding="UTF-8"?><collection xmlns="http://www.loc.gov/MARC21/slim"><record><leader>00407nam--2200133-i-4500</leader><controlfield tag="001">000028370</controlfield><controlfield tag="002">20161230</controlfield><controlfield tag="005">20161230201037</controlfield><controlfield tag="008">060222s1000------------r-----000-0-eng-d</controlfield><datafield ind1=" " ind2=" " tag="080"><subfield code="a">539.1.07:539.1.074.27.621.38</subfield></datafield><datafield ind1=" " ind2=" " tag="100"><subfield code="a">Iselin, F./S.A.</subfield></datafield><datafield ind1=" " ind2=" " tag="245"><subfield code="a">A data aquisition system for sonic spark chambers. part i and ii</subfield></datafield><datafield ind1=" " ind2=" " tag="260"><subfield code="a">/F.Loc/European Organization For Nuclear Research, 1965. 395p</subfield></datafield><datafield ind1=" " ind2=" " tag="852"><subfield code="a">25098</subfield></datafield></record></collection>